@ONLINE {spambase,
    author = "Mark Hopkins, Erik Reeber",
    title  = "Spambase Data Set",
    month  = "jul",
    year   = "1999",
    url    = "https://archive.ics.uci.edu/ml/datasets/Spambase"
}
@ONLINE {sklearn,
    url = "http://scikit-learn.org/stable/"
}
@ONLINE {graphviz,
    url = "http://www.graphviz.org/"
}
@ONLINE {pyplot,
    url = "http://matplotlib.org/api/pyplot_api.html"
}